<record><leader>00000cas a2200000 a 4500</leader><controlfield tag="001">26971317</controlfield><controlfield tag="008">921113d187318uuiluwr ne      0   a0eng c</controlfield><datafield ind1=" " ind2=" " tag="010"><subfield code="a">sn 92054665 </subfield></datafield><datafield ind1=" " ind2=" " tag="040"><subfield code="a">NVF</subfield><subfield code="b">eng</subfield><subfield code="c">NVF</subfield><subfield code="d">OCLCQ</subfield><subfield code="d">NVF</subfield><subfield code="d">OCLCQ</subfield><subfield code="d">NVF</subfield><subfield code="d">OCLCF</subfield><subfield code="d">OCLCO</subfield></datafield><datafield ind1="1" ind2=" " tag="029"><subfield code="a">AU@</subfield><subfield code="b">000040600034</subfield></datafield><datafield ind1=" " ind2=" " tag="042"><subfield code="a">pcc</subfield></datafield><datafield ind1=" " ind2=" " tag="043"><subfield code="a">n-us-il</subfield></datafield><datafield ind1="0" ind2="4" tag="245"><subfield code="a">The Carbondale observer.</subfield></datafield><datafield ind1="1" ind2="3" tag="246"><subfield code="a">Observer</subfield></datafield><datafield ind1=" " ind2=" " tag="260"><subfield code="a">Carbondale, Jackson Co., Ill. :</subfield><subfield code="b">C.W. Jerome</subfield></datafield><datafield ind1=" " ind2=" " tag="300"><subfield code="a">v.</subfield></datafield><datafield ind1=" " ind2=" " tag="310"><subfield code="a">Weekly</subfield></datafield><datafield ind1="1" ind2=" " tag="362"><subfield code="a">Began in 1873?</subfield></datafield><datafield ind1=" " ind2=" " tag="588"><subfield code="a">Description based on: Vol. 4, no. 26 (June 23, 1876).</subfield></datafield><datafield ind1=" " ind2=" " tag="588"><subfield code="a">Latest issue consulted: Dec. 12, 1878.</subfield></datafield><datafield ind1=" " ind2="0" tag="651"><subfield code="a">Carbondale (Ill.)</subfield><subfield code="v">Newspapers.</subfield></datafield><datafield ind1=" " ind2="7" tag="655"><subfield code="a">Newspapers.</subfield><subfield code="2">fast</subfield><subfield code="0">(OCoLC)fst01423814</subfield></datafield><datafield ind1=" " ind2="7" tag="651"><subfield code="a">Illinois</subfield><subfield code="z">Carbondale.</subfield><subfield code="2">fast</subfield><subfield code="0">(OCoLC)fst01206446</subfield></datafield><datafield ind1=" " ind2=" " tag="752"><subfield code="a">United States</subfield><subfield code="b">Illinois</subfield><subfield code="c">Jackson</subfield><subfield code="d">Carbondale.</subfield></datafield><datafield ind1="0" ind2="0" tag="780"><subfield code="t">Observer (Carbondale, Ill.)</subfield><subfield code="w">(DLC)sn 92054664</subfield><subfield code="w">(OCoLC)26971237</subfield></datafield></record>